[gd_scene load_steps=6 format=2]

[ext_resource path="res://PlayerPanel/laser_theme.tres" type="Theme" id=1]
[ext_resource path="res://PlayerPanel/speedboost.png" type="Texture" id=2]
[ext_resource path="res://PlayerPanel/progress_theme.tres" type="Theme" id=3]

[sub_resource type="GDScript" id=1]
script/source = "extends Panel

export var empty_fill = Color(0.7,0.7,0.7)
export var is_player1 = true
export var p1_fill = Color(0,0,1)
export var p2_fill = Color(1,0,0)

var LaserTheme = preload(\"res://PlayerPanel/laser_theme.tres\")

var player = null
onready var boostBar = $HBoxContainer/rightHalf/ProgressBar

func _ready():
	setNumRounds(3)
	boostBar.value = 0
	if is_player1:
		$HBoxContainer/rightHalf/ProgressBar.setColor(p1_fill)
		$HBoxContainer/rightHalf/TextureRect.modulate = p1_fill
	else:
		$HBoxContainer/rightHalf/ProgressBar.setColor(p2_fill)
		$HBoxContainer/rightHalf/TextureRect.modulate = p2_fill
	
func bindPlayer(player):
	self.player = player

func setNumRounds(numRounds):
	var roundIndicator = $HBoxContainer/leftHalf
	for child in roundIndicator.get_children():
		child.queue_free()
	
	for n in range(numRounds):
		var box = CheckBox.new()
		box.theme = LaserTheme
		box.disabled = true
		box.set_focus_mode(Control.FOCUS_NONE)
		_setModulate(box,0)
		roundIndicator.add_child(box)
		
func setWin(roundNum,whoWon):
	var checkBox = ($HBoxContainer/leftHalf).get_child(roundNum-1)
	checkBox.pressed = true
	_setModulate(checkBox,whoWon)
	
func setBoostPercent(percent):
	if boostBar:
		boostBar.value = percent
		
func setBoostingEnabled(enabled):
	$HBoxContainer/rightHalf.visible = enabled
		
func _setModulate(checkbox,whoWon):
	match(whoWon):
		0: checkbox.modulate = empty_fill
		1: checkbox.modulate = p1_fill
		2: checkbox.modulate = p2_fill
		
func _process(delta):
	if player:
		var boostPerc = player.getBoostPercentRemaining()
		$HBoxContainer/rightHalf/ProgressBar.value = boostPerc"

[sub_resource type="GDScript" id=2]
script/source = "extends ProgressBar

var ProgressTheme = preload(\"res://PlayerPanel/progress_theme.tres\")

# Called when the node enters the scene tree for the first time.
func _ready():
	theme = ProgressTheme.duplicate(true)
	
func setColor(color: Color):
	theme.get(\"ProgressBar/styles/bg\").border_color = color
	theme.get(\"ProgressBar/styles/fg\").bg_color = color
"

[node name="PlayerPanel" type="Panel"]
margin_top = 750.0
margin_right = 600.0
margin_bottom = 800.0
script = SubResource( 1 )
empty_fill = Color( 0.788235, 0.788235, 0.788235, 1 )
p1_fill = Color( 0.0509804, 0.482353, 0.831373, 1 )
p2_fill = Color( 0.862745, 0.141176, 0.364706, 1 )

[node name="HBoxContainer" type="HBoxContainer" parent="."]
anchor_top = 0.5
anchor_bottom = 0.5
margin_top = -25.0
margin_right = 600.0
margin_bottom = 27.0

[node name="leftHalf" type="HBoxContainer" parent="HBoxContainer"]
margin_right = 298.0
margin_bottom = 52.0
size_flags_horizontal = 3

[node name="CheckBox" type="CheckBox" parent="HBoxContainer/leftHalf"]
margin_right = 24.0
margin_bottom = 52.0
focus_mode = 0
theme = ExtResource( 1 )
disabled = true
pressed = true
enabled_focus_mode = 0

[node name="rightHalf" type="HBoxContainer" parent="HBoxContainer"]
margin_left = 302.0
margin_right = 600.0
margin_bottom = 52.0
size_flags_horizontal = 3

[node name="TextureRect" type="TextureRect" parent="HBoxContainer/rightHalf"]
margin_top = 18.0
margin_right = 34.0
margin_bottom = 33.0
size_flags_vertical = 4
texture = ExtResource( 2 )

[node name="ProgressBar" type="ProgressBar" parent="HBoxContainer/rightHalf"]
margin_left = 38.0
margin_top = 18.0
margin_right = 298.0
margin_bottom = 34.0
size_flags_horizontal = 3
size_flags_vertical = 4
theme = ExtResource( 3 )
value = 25.0
script = SubResource( 2 )
