[gd_scene load_steps=9 format=2]

[ext_resource path="res://Roboto-Black.ttf" type="DynamicFontData" id=1]
[ext_resource path="res://Robot30.tres" type="DynamicFont" id=2]

[sub_resource type="GDScript" id=1]
script/source = "extends Node2D

enum GameState {
	eNewGame,eShiftBlocks,eSpawn,eLaunch,ePlay,eGameOver
}
	
const MAX_BRICKS_PER_ROW = 7
const FRAMES_BETWEEN_TAILS = 5
# how long it takes the bricks to slide in seconds
const SLIDE_DURATION = 0.2

export var arcadeMode = false

onready var Ball = preload(\"res://player/player.tscn\")
onready var Brick = preload(\"res://brick/brick.tscn\")
onready var Coin = preload(\"res://coin/coin.tscn\")

var rng = RandomNumberGenerator.new()
var brickSpacing = 0
var brickPadding = 10
var maxVelocity = 0
var gs = GameState.eNewGame
var mouseClicked = false
var stage = 0
var stagesSinceRock = 0
var killcount = 0
var isFirstBallToStop = false
var stoppedBallCount = 0
var spawnPoint = Vector2(0,0)
var framesTillNextLaunch = 0
var ballsToLaunch = []
var newBallsToSpawn = []
# units: radians
var launchAngle = 0

# Called when the node enters the scene tree for the first time.
func _ready():
	if OS.has_feature(\"arcade_mode\"):
		arcadeMode = true
		
	if arcadeMode:
		Input.set_mouse_mode(Input.MOUSE_MODE_HIDDEN)
	
	rng.randomize()
	var width = getViewWidth()
	brickSpacing = width / MAX_BRICKS_PER_ROW
	maxVelocity = width * 1.5
	
func _input(event):
	if Input.is_action_just_pressed(\"ui_cancel\"):
		get_tree().quit()
	
	if arcadeMode:
		if Input.is_action_just_pressed(\"ui_accept\"):
			mouseClicked = true
	else:
		if event is InputEventMouseButton:
			if event.button_index == BUTTON_LEFT and event.pressed:
				mouseClicked = true

func on_ball_stopped(ball):
	# shift ball slightly up to prevent repeated collisions
	snapBallToSpawnLine(ball)
	
	if isFirstBallToStop:
		# save off the position of the first stopped ball, so
		# that we can launch from that point on the next stage
		spawnPoint = ball.position.x
		isFirstBallToStop = false
	
	stoppedBallCount += 1
	if stoppedBallCount == ($balls).get_child_count():
		gs = GameState.eShiftBlocks
	
func on_coin_collected():
	addNewBall()
	
func on_brick_killed():
	killcount += 1
	_update_killcount()
	
func on_rock_hit_bottom():
	gs = GameState.eGameOver

func _update_killcount():
	var text = \"Score: %d\" % killcount
	($stopwall/ui/killcount).set_text(text)
	
func _update_stagecount():
	var text = \"Stage: %d\" % stage
	($stopwall/ui/stagecount).set_text(text)

func _shift_stage_down():
	var gameOver = false
	var delta = Vector2(0, brickSpacing + brickPadding)
	
	for brick in ($bricks).get_children():
		if brick is Particles2D:
			# when bricks explode, their explosion gets
			# reparent into this container... it's unfortunate,
			# but that's how the effect works. ignoring it in
			# this scenario
			pass
		else:
			if brick.isRock():
				# let rocks fall on their own
				pass
			else:
				var newPosition = brick.position + delta
				brick.slideTo(newPosition,SLIDE_DURATION)
		
	for coin in ($coins).get_children():
		if coin.collected():
			coin.queue_free()
		
		var newPosition = coin.position + delta
		coin.slideTo(newPosition,SLIDE_DURATION)
			
	return gameOver
	
func _spawn_brick(col,health,isRock):
	var newBrick = Brick.instance()
	newBrick.connect(\"killed\",self,\"on_brick_killed\")
	newBrick.connect(\"hitbottom\",self,\"on_rock_hit_bottom\")
	newBrick.init(health,isRock)
	newBrick.set_position(Vector2(
		brickPadding + col * brickSpacing,
		-brickSpacing))
	($bricks).add_child(newBrick)
	
func _spawn_items():
	var maxBricksToSpawn = 1
	var lowerHealthLimit = 1
	var spawnRock = false
	var maxPointsPerBrick = ($balls).get_children().size() + 1

	if stage > 20:
		maxBricksToSpawn = 5
		lowerHealthLimit = ceil(0.75 * maxPointsPerBrick)
	elif stage > 10:
		maxBricksToSpawn = 3
		lowerHealthLimit = ceil(0.50 * maxPointsPerBrick)
	elif stage > 3:
		maxBricksToSpawn = 2
		lowerHealthLimit = ceil(0.25 * maxPointsPerBrick)
	
	if stage > 30 and stagesSinceRock > 5:
		spawnRock = true
		
	var bricksToSpawn = rng.randi_range(1,maxBricksToSpawn)
	var coinsToSpawn = rng.randi_range(0,1)
	var spawnCols = []
	var brickSpawns = []
	var coinSpawns = []
	var validRockSpawns = {}
	
	# compute a map of validate columns to spawn a rock.
	# rock smust be spawn untop of a column that already
	# has bricks in it.
	for brick in ($bricks).get_children():
		if brick.position.y > brickSpacing:
			var col = int(brick.position.x / brickSpacing)
			# don't care about value here... just using a
			# dictionary for it's unique keys
			validRockSpawns[col] = null
	
	validRockSpawns = validRockSpawns.keys()
	if spawnRock and validRockSpawns.size() > 0:
		var rockColIdx = rng.randi_range(0,validRockSpawns.size()-1)
		var rockCol = validRockSpawns[rockColIdx]
		
		_spawn_brick(
			rockCol,
			rng.randi_range(lowerHealthLimit,maxPointsPerBrick),
			true)
		
		stagesSinceRock = 0
		spawnCols.append(rockCol)
		bricksToSpawn -= 1
			
	# generate a list of columns to spawn new bricks
	while brickSpawns.size() < bricksToSpawn:
		var nextCol = rng.randi_range(0,MAX_BRICKS_PER_ROW-1)
		
		if spawnCols.size() == MAX_BRICKS_PER_ROW:
			var bricksLeft = bricksToSpawn - brickSpawns.size()
			printerr(\"Exceeded spawnCols, but still trying to spawn %d brick(s)!\" % bricksLeft)
		
		if not nextCol in spawnCols:
			spawnCols.append(nextCol)
			brickSpawns.append(nextCol)
			
	# generate a list of columsn to spawn new coins
	while coinSpawns.size() != coinsToSpawn:
		var nextCol = rng.randi_range(0,MAX_BRICKS_PER_ROW-1)
		
		if spawnCols.size() == MAX_BRICKS_PER_ROW:
			var coinsLeft = coinSpawns - coinSpawns.size()
			printerr(\"Exceeded spawnCols, but still trying to spawn %d coin(s)!\" % coinsLeft)
		
		if not nextCol in spawnCols:
			spawnCols.append(nextCol)
			coinSpawns.append(nextCol)
	
	for col in brickSpawns:
		_spawn_brick(
			col,
			rng.randi_range(lowerHealthLimit,maxPointsPerBrick),
			false)
	
	for col in coinSpawns:
		var newCoin = Coin.instance()
		var halfBrick = brickSpacing / 2
		newCoin.set_position(Vector2(
			brickPadding / 2 + halfBrick + col * brickSpacing,
			-halfBrick - brickPadding / 2))
		($coins).add_child(newCoin)

func addNewBall():
	var newBall = Ball.instance()
	newBall.connect(\"stopped\",self,\"on_ball_stopped\")
	newBall.connect(\"coinCollected\",self,\"on_coin_collected\")
	newBallsToSpawn.append(newBall)

func snapBallToSpawnLine(ball):
	var spawnHeight = ($spawnline).points[0].y
	var pos = ball.position
	pos.y = spawnHeight
	ball.set_position(pos)

func launchNextBall():
	if ballsToLaunch:
		var ball = ballsToLaunch.pop_back()
		var vel = Vector2(1,0).rotated(launchAngle)
		ball.set_velocity(vel * maxVelocity)
		
func getViewWidth():
	return $walls/ref.rect_size.x

# Called every frame. 'delta' is the elapsed time since the previous frame.
func _process(delta):
	
	match (gs):
		GameState.eNewGame:
			$guide.setArcadeMode(arcadeMode)
			$guide.reset()
			stage = 0
			stagesSinceRock = 0
			launchAngle = 0
			killcount = 0
			_update_killcount()
			# spawn player in middle of screen
			var width = getViewWidth()
			spawnPoint = width / 2
			# delete all balls, and spawn at least 1
			for ball in ($balls).get_children():
				ball.queue_free()
			addNewBall()
			
			# delete all bricks
			for brick in ($bricks).get_children():
				brick.queue_free()
				
			# delete all coins
			for coin in ($coins).get_children():
				coin.queue_free()
			
			gs = GameState.eShiftBlocks
			
		GameState.eShiftBlocks:
			
			_spawn_items()
			
			var gameOver = _shift_stage_down()
			if gameOver:
				gs = GameState.eGameOver
			else:
				gs = GameState.eSpawn
			
		GameState.eSpawn:
			
			stage += 1
			stagesSinceRock += 1
			_update_stagecount()
			mouseClicked = false
			stoppedBallCount = 0
			
			# spawn any new balls that were aquired
			for newBall in newBallsToSpawn:
				($balls).add_child(newBall)
			newBallsToSpawn = []
			
			ballsToLaunch = ($balls).get_children()
			for ball in ballsToLaunch:
				ball.position.x = spawnPoint
				snapBallToSpawnLine(ball)
			isFirstBallToStop = true
			($stopwall/ui/ballcount).set_text('x%d' % ballsToLaunch.size())
			
			gs = GameState.eLaunch
			
		GameState.eLaunch:
			var launchPosition = null
			for ball in ballsToLaunch:
				launchPosition = ball.position
				break
			
			($guide).set_player_pos(launchPosition)
			($guide).show()
			
			if mouseClicked:
				launchAngle = $guide.getAngle()
				launchNextBall()
				framesTillNextLaunch = FRAMES_BETWEEN_TAILS
				gs = GameState.ePlay
				mouseClicked = false
				
		GameState.ePlay:
			($guide).hide()
			
			framesTillNextLaunch -= 1
			if framesTillNextLaunch < 0:
				framesTillNextLaunch = FRAMES_BETWEEN_TAILS
				
			if framesTillNextLaunch == 0:
				launchNextBall()
				
		GameState.eGameOver:
			gs = GameState.eNewGame
"

[sub_resource type="RectangleShape2D" id=2]
extents = Vector2( 375.743, 44.196 )

[sub_resource type="DynamicFont" id=3]
size = 30
font_data = ExtResource( 1 )

[sub_resource type="GDScript" id=4]
script/source = "extends StaticBody2D

export(int) var tin = 0
export(int) var tout = 0
var thalf
var shape
var shapeowner

func _ready():
	thalf = (tin + tout) /2
	var ref = $ref.get_rect().size
	var refPos = $ref.get_rect().position
	for extpos in [
			[Vector2(thalf, ref.y/2), Vector2(tin - thalf, ref.y/2)],  #left
			[Vector2(thalf, ref.y/2), Vector2(ref.x + thalf - tin, ref.y/2)],  #right
			[Vector2(ref.x/2, thalf), Vector2(ref.x/2, tin - thalf)],  #top
			[Vector2(ref.x/2, thalf), Vector2(ref.x/2, ref.y + thalf - tin)],  #bottom
			]:
		shape = RectangleShape2D.new()
		shape.extents = extpos[0]
		shapeowner = create_shape_owner(self)
		shape_owner_set_transform(shapeowner, Transform2D(0, refPos + extpos[1]))
		shape_owner_add_shape(shapeowner, shape)"

[sub_resource type="StyleBoxFlat" id=5]
bg_color = Color( 0.298039, 0.298039, 0.298039, 0 )
border_width_left = 2
border_width_top = 2
border_width_right = 2
border_width_bottom = 2
border_color = Color( 0.545098, 0.545098, 0.545098, 1 )

[sub_resource type="GDScript" id=6]
script/source = "extends Line2D

# -------------- EXPORTS --------------
export var arcadeMode = false

# ------------- CONSTANTS -------------
# how fast player can change angle when in arcade mode
# units: radians/second
const ANGLE_MIN_VEL = PI / 25.0
const ANGLE_MAX_VEL = PI / 2.0
const ANGLE_ACCEL = PI / 4.0

# the smallest angle allowed
# prevent user from shooting horizontally
const MIN_ANGLE = PI / 32.0

# ------------- VARIABLES -------------
# angle in radians
# 0     = right
# -PI/2 = vertical
# -PI   = left
var _angle = 0

# length in pixels of the guide
var _length = 0

var _angleVelocity = 0

# Called when the node enters the scene tree for the first time.
func _ready():
	add_point(Vector2(0,0))
	add_point(Vector2(0,0))
	
func reset():
	_angle = - PI / 2.0
	
func getAngle():
	return _angle

func set_player_pos(point):
	set_point_position(0,point)
	
func getPlayerLocation():
	return get_point_position(0)
	
func setArcadeMode(enabled: bool):
	arcadeMode = enabled
	reset()

# Called every frame. 'delta' is the elapsed time since the previous frame.
func _process(delta):
	if arcadeMode:
		# long enough to make to it off the screen
		_length = 1000
		
		if Input.is_action_just_pressed(\"ui_left\") or Input.is_action_just_pressed(\"ui_right\"):
			# set velocity to min the first time a button is pressed
			_angleVelocity = ANGLE_MIN_VEL
		
		# accelerate the angle
		_angleVelocity += ANGLE_ACCEL * delta
		_angleVelocity = min(_angleVelocity,ANGLE_MAX_VEL)
		
		# adjust angle based on velocity
		if Input.is_action_pressed(\"ui_left\"):
			_angle -= _angleVelocity * delta
		elif Input.is_action_pressed(\"ui_right\"):
			_angle += _angleVelocity * delta
	
	else:
		var vec = get_viewport().get_mouse_position()
		vec -= getPlayerLocation()
		_angle = vec.angle()
		_length = vec.length()
	
	# cap angle within range
	var minAngle = -MIN_ANGLE
	var maxAngle = -PI + MIN_ANGLE
	_angle = min(_angle,minAngle)
	_angle = max(_angle,maxAngle)
	
	# compute a vector that when offset from the player's current location
	# will take you to an (x,y) point at the end of the guide line
	var offsetVector = Vector2(1,0) * _length
	offsetVector = offsetVector.rotated(_angle)
	
	# set the guide's endpoitn based on the offset vector
	set_point_position(1,getPlayerLocation() + offsetVector)
"

[node name="World" type="Node2D"]
script = SubResource( 1 )

[node name="stopwall" type="StaticBody2D" parent="."]
editor/display_folded = true
position = Vector2( 302.772, 767.619 )
collision_layer = 8

[node name="CollisionShape2D" type="CollisionShape2D" parent="stopwall"]
shape = SubResource( 2 )

[node name="ui" type="ColorRect" parent="stopwall"]
editor/display_folded = true
margin_left = -302.0
margin_top = -43.0
margin_right = 298.0
margin_bottom = 31.0
color = Color( 0.184314, 0.184314, 0.184314, 1 )

[node name="ballcount" type="Label" parent="stopwall/ui"]
margin_left = 5.0
margin_top = 5.0
rect_scale = Vector2( 0.975772, 1 )
custom_fonts/font = SubResource( 3 )
text = "x12"

[node name="killcount" type="Label" parent="stopwall/ui"]
anchor_left = 1.0
anchor_right = 1.0
margin_left = -151.0
margin_right = -5.0
margin_bottom = 36.0
custom_fonts/font = ExtResource( 2 )
text = "Score: 123"
align = 2

[node name="stagecount" type="Label" parent="stopwall/ui"]
anchor_left = 1.0
anchor_top = 1.0
anchor_right = 1.0
anchor_bottom = 1.0
margin_left = -150.0
margin_top = -36.0
margin_right = -5.0
custom_fonts/font = ExtResource( 2 )
text = "Stage: 123"
align = 2

[node name="walls" type="StaticBody2D" parent="."]
editor/display_folded = true
collision_layer = 2
collision_mask = 0
script = SubResource( 4 )
__meta__ = {
"_edit_group_": true
}
tout = 50

[node name="ref" type="Panel" parent="walls"]
margin_right = 600.0
margin_bottom = 799.0
custom_styles/panel = SubResource( 5 )

[node name="guide" type="Line2D" parent="."]
width = 2.0
texture_mode = 3080292
script = SubResource( 6 )
arcadeMode = true

[node name="balls" type="YSort" parent="."]

[node name="bricks" type="YSort" parent="."]

[node name="coins" type="YSort" parent="."]

[node name="spawnline" type="Line2D" parent="."]
visible = false
points = PoolVector2Array( 670, 710, -20, 710 )
width = 2.0
texture_mode = 3080292
