[gd_scene load_steps=5 format=2]

[ext_resource path="res://PlayerPanel/laser_theme.tres" type="Theme" id=1]
[ext_resource path="res://arcade/ui/control_panel/1or2player.tscn" type="PackedScene" id=2]


[sub_resource type="GDScript" id=1]
script/source = "extends PanelContainer

var GameSettings = preload(\"res://GameSettings.gd\")

onready var roundSlider = $VBoxContainer/rounds/HSlider
onready var boostEnable = $VBoxContainer/boost/CheckButton
onready var gunsEnable = $VBoxContainer/guns/CheckButton

export var arcade_mode = true

signal game_start

func _ready():
	setArcadeMode(arcade_mode)

func setArcadeMode(arcadeModeEnabled):
	arcade_mode = arcadeModeEnabled
	
	$\"1or2player\".visible = arcade_mode
	
	$VBoxContainer/p1p2text.visible = arcade_mode
	$VBoxContainer/buttons.visible = not arcade_mode

func _input(event):
	if arcade_mode and visible:
		if event.is_action_released(\"p1_start\"):
			_startGame(false)
		elif event.is_action_released(\"p2_start\"):
			_startGame(true)

func _getGameSettings(isTwoPlayer):
	var settings = GameSettings.new()
	settings.isTwoPlayer = isTwoPlayer
	settings.numberOfRounds = roundSlider.value
	return settings

func _on_start1P_pressed():
	if visible:
		_startGame(false)

func _on_start2P_pressed():
	if visible:
		_startGame(true)
		
func _startGame(is2P: bool):
	var settings = _getGameSettings(is2P)
	emit_signal(\"game_start\",settings)

func _on_VBoxContainer_visibility_changed():
	if arcade_mode:
		# when menu become visible, default to slider focused
		$VBoxContainer/rounds/HSlider.grab_focus()
	else:
		# when menu become visible, default to 1p start focused
		$VBoxContainer/buttons/start1P.grab_focus()
"

[sub_resource type="GDScript" id=2]
script/source = "extends Label

func _on_HSlider_value_changed(value):
	text = str(value)
"

[node name="Menu" type="PanelContainer"]
margin_left = 120.0
margin_top = 300.0
margin_right = 440.0
margin_bottom = 462.0
size_flags_horizontal = 2
size_flags_vertical = 2
theme = ExtResource( 1 )
script = SubResource( 1 )

[node name="VBoxContainer" type="VBoxContainer" parent="."]
margin_left = 7.0
margin_top = 7.0
margin_right = 313.0
margin_bottom = 155.0
size_flags_horizontal = 3
size_flags_vertical = 3

[node name="rounds" type="HBoxContainer" parent="VBoxContainer"]
margin_right = 306.0
margin_bottom = 44.0

[node name="Label" type="Label" parent="VBoxContainer/rounds"]
margin_right = 127.0
margin_bottom = 44.0
text = "Rounds: "

[node name="indicator" type="Label" parent="VBoxContainer/rounds"]
margin_left = 131.0
margin_right = 168.0
margin_bottom = 44.0
text = "10"
script = SubResource( 2 )

[node name="HSlider" type="HSlider" parent="VBoxContainer/rounds"]
margin_left = 172.0
margin_right = 306.0
margin_bottom = 44.0
size_flags_horizontal = 3
size_flags_vertical = 1
min_value = 1.0
max_value = 10.0
value = 10.0
rounded = true

[node name="boost" type="HBoxContainer" parent="VBoxContainer"]
margin_top = 48.0
margin_right = 306.0
margin_bottom = 100.0

[node name="Label" type="Label" parent="VBoxContainer/boost"]
margin_top = 4.0
margin_right = 106.0
margin_bottom = 48.0
text = "Option:"

[node name="CheckButton" type="CheckButton" parent="VBoxContainer/boost"]
margin_left = 110.0
margin_right = 306.0
margin_bottom = 52.0
focus_neighbour_top = NodePath("../../rounds/HSlider")
size_flags_horizontal = 3
pressed = true

[node name="guns" type="HBoxContainer" parent="VBoxContainer"]
editor/display_folded = true
visible = false
margin_top = 104.0
margin_right = 300.0
margin_bottom = 156.0

[node name="Label" type="Label" parent="VBoxContainer/guns"]
margin_top = 4.0
margin_right = 91.0
margin_bottom = 48.0
text = "Guns: "

[node name="CheckButton" type="CheckButton" parent="VBoxContainer/guns"]
margin_left = 95.0
margin_right = 300.0
margin_bottom = 52.0
size_flags_horizontal = 3

[node name="buttons" type="HBoxContainer" parent="VBoxContainer"]
editor/display_folded = true
visible = false
margin_top = 104.0
margin_right = 306.0
margin_bottom = 154.0

[node name="start1P" type="Button" parent="VBoxContainer/buttons"]
margin_right = 151.0
margin_bottom = 50.0
size_flags_horizontal = 3
size_flags_vertical = 3
text = "Start 1P"

[node name="start2P" type="Button" parent="VBoxContainer/buttons"]
margin_left = 155.0
margin_right = 306.0
margin_bottom = 50.0
size_flags_horizontal = 3
size_flags_vertical = 3
text = "Start 2P"

[node name="p1p2text" type="HBoxContainer" parent="VBoxContainer"]
editor/display_folded = true
margin_top = 104.0
margin_right = 306.0
margin_bottom = 148.0

[node name="Label" type="Label" parent="VBoxContainer/p1p2text"]
margin_right = 306.0
margin_bottom = 44.0
size_flags_horizontal = 3
text = "Press  1 or 2 Player"
align = 1

[node name="1or2player" parent="." instance=ExtResource( 2 )]
position = Vector2( 46, 178.228 )
scale = Vector2( 0.5, 0.5 )
[connection signal="visibility_changed" from="VBoxContainer" to="." method="_on_VBoxContainer_visibility_changed"]
[connection signal="value_changed" from="VBoxContainer/rounds/HSlider" to="VBoxContainer/rounds/indicator" method="_on_HSlider_value_changed"]
[connection signal="pressed" from="VBoxContainer/buttons/start1P" to="." method="_on_start1P_pressed"]
[connection signal="visibility_changed" from="VBoxContainer/buttons/start1P" to="." method="_on_start1P_visibility_changed"]
[connection signal="pressed" from="VBoxContainer/buttons/start2P" to="." method="_on_start2P_pressed"]
