[gd_scene load_steps=6 format=2]

[ext_resource path="res://BallBounce.gd" type="Script" id=1]
[ext_resource path="res://Ball.gd" type="Script" id=2]
[ext_resource path="res://icon.png" type="Texture" id=3]

[sub_resource type="RectangleShape2D" id=1]
extents = Vector2( 352.855, 29.6373 )

[sub_resource type="RectangleShape2D" id=2]
extents = Vector2( 32, 32 )

[node name="BallBounce" type="VBoxContainer"]
anchor_right = 1.0
anchor_bottom = 1.0
script = ExtResource( 1 )
__meta__ = {
"_edit_use_anchors_": false
}

[node name="ServerButton" type="Button" parent="."]
margin_right = 600.0
margin_bottom = 50.0
rect_min_size = Vector2( 0, 50 )
text = "Server"

[node name="ClientButton" type="Button" parent="."]
margin_top = 54.0
margin_right = 600.0
margin_bottom = 104.0
rect_min_size = Vector2( 0, 50 )
text = "Client"

[node name="Background" type="ColorRect" parent="."]
margin_top = 108.0
margin_right = 600.0
margin_bottom = 800.0
size_flags_horizontal = 3
size_flags_vertical = 3
color = Color( 0, 0, 0, 1 )

[node name="Walls" type="Node" parent="."]

[node name="Wall1" type="StaticBody2D" parent="Walls"]
collision_layer = 2
collision_mask = 0

[node name="CollisionShape2D" type="CollisionShape2D" parent="Walls/Wall1"]
position = Vector2( 310.327, 78.1926 )
shape = SubResource( 1 )

[node name="Wall2" type="StaticBody2D" parent="Walls"]
collision_layer = 2
collision_mask = 0

[node name="CollisionShape2D" type="CollisionShape2D" parent="Walls/Wall2"]
position = Vector2( -27.2259, 449.149 )
rotation = 1.5708
shape = SubResource( 1 )

[node name="Wall3" type="StaticBody2D" parent="Walls"]
collision_layer = 2
collision_mask = 0

[node name="CollisionShape2D" type="CollisionShape2D" parent="Walls/Wall3"]
position = Vector2( 628.541, 450.907 )
rotation = 1.5708
shape = SubResource( 1 )

[node name="Wall4" type="StaticBody2D" parent="Walls"]
collision_layer = 2
collision_mask = 0

[node name="CollisionShape2D" type="CollisionShape2D" parent="Walls/Wall4"]
position = Vector2( 301.536, 830.654 )
shape = SubResource( 1 )

[node name="Ball" type="KinematicBody2D" parent="."]
position = Vector2( 312, 448 )
collision_mask = 2
script = ExtResource( 2 )
__meta__ = {
"_edit_group_": true
}

[node name="Sprite" type="Sprite" parent="Ball"]
texture = ExtResource( 3 )

[node name="CollisionShape" type="CollisionShape2D" parent="Ball"]
shape = SubResource( 2 )
[connection signal="pressed" from="ServerButton" to="." method="_on_ServerButton_pressed"]
[connection signal="pressed" from="ClientButton" to="." method="_on_ClientButton_pressed"]
