[gd_scene load_steps=8 format=2]

[ext_resource path="res://scenes/main/main.gd" type="Script" id=1]
[ext_resource path="res://ui/CourseResultsPanel/CourseResultsPanel.tscn" type="PackedScene" id=2]
[ext_resource path="res://scenes/Courses/BaseCourse/BaseCourse.tscn" type="PackedScene" id=3]
[ext_resource path="res://ui/MainMenu/MainMenu.tscn" type="PackedScene" id=4]
[ext_resource path="res://ui/FallingCones/FallingCones.tscn" type="PackedScene" id=5]
[ext_resource path="res://ui/CourseWalkDialog/CourseWalkDialog.tscn" type="PackedScene" id=6]
[ext_resource path="res://assets/fonts/Comfortaa/res/Comfortaa-Regular24.tres" type="DynamicFont" id=7]

[node name="main" type="Control"]
anchor_right = 1.0
anchor_bottom = 1.0
script = ExtResource( 1 )
__meta__ = {
"_edit_use_anchors_": false
}

[node name="CourseView" type="ViewportContainer" parent="."]
anchor_right = 1.0
anchor_bottom = 1.0
stretch = true
__meta__ = {
"_edit_use_anchors_": false
}

[node name="Viewport" type="Viewport" parent="CourseView"]
size = Vector2( 1024, 600 )
handle_input_locally = false
render_target_update_mode = 3

[node name="Course" parent="CourseView/Viewport" instance=ExtResource( 3 )]

[node name="CourseWalkDialog" parent="." instance=ExtResource( 6 )]
visible = false
anchor_left = 0.194
anchor_top = 0.372
anchor_right = 0.806
anchor_bottom = 0.628
margin_left = 0.343994
margin_top = -0.200012
margin_right = -0.344055
margin_bottom = 0.199982

[node name="PreviewCountDownLabel" type="Label" parent="."]
anchor_left = 0.362
anchor_right = 0.651
anchor_bottom = 0.062
margin_left = -0.271027
margin_right = -0.207031
margin_bottom = -0.200001
custom_fonts/font = ExtResource( 7 )
custom_colors/font_color = Color( 1, 0, 0, 1 )
text = "Course Preview: 5.000s"
autowrap = true
__meta__ = {
"_edit_use_anchors_": false
}

[node name="CourseResultsPanel" parent="." instance=ExtResource( 2 )]
visible = false

[node name="MenuRoot" parent="." instance=ExtResource( 5 )]
color = Color( 0.156863, 0.34902, 0.65098, 1 )

[node name="MainMenu" parent="MenuRoot" instance=ExtResource( 4 )]
anchor_left = 0.314
anchor_top = 0.221
anchor_right = 0.686
anchor_bottom = 0.779
margin_left = -0.0360107
margin_top = -0.100006
margin_right = 0.0359497
margin_bottom = 0.0999756

[node name="PreviewTimer" type="Timer" parent="."]
one_shot = true

[connection signal="course_cleared" from="CourseView/Viewport/Course" to="." method="_on_Course_course_cleared"]
[connection signal="course_start" from="CourseView/Viewport/Course" to="." method="_on_Course_course_start"]
[connection signal="off_course" from="CourseView/Viewport/Course" to="." method="_on_Course_off_course"]
[connection signal="start" from="CourseWalkDialog" to="." method="_on_CourseWalkDialog_start"]
[connection signal="next_selected" from="CourseResultsPanel" to="." method="_on_CourseResultsPanel_next_selected"]
[connection signal="quit_selected" from="CourseResultsPanel" to="." method="_on_CourseResultsPanel_quit_selected"]
[connection signal="single_player_selected" from="MenuRoot/MainMenu" to="." method="_on_MainMenu_single_player_selected"]
[connection signal="timeout" from="PreviewTimer" to="." method="_on_PreviewTimer_timeout"]
