[gd_scene load_steps=5 format=2]

[ext_resource path="res://ui/basic/Button.tscn" type="PackedScene" id=1]
[ext_resource path="res://ui/level_select/LevelButton.gd" type="Script" id=2]
[ext_resource path="res://assets/prototype_orange.png" type="Texture" id=3]
[ext_resource path="res://assets/UI/glassPanel.png" type="Texture" id=4]

[node name="LevelButton" instance=ExtResource( 1 )]
margin_right = -393.0
margin_bottom = -657.0
mouse_default_cursor_shape = 2
script = ExtResource( 2 )
preview = ExtResource( 3 )

[node name="MarginContainer" type="MarginContainer" parent="." index="0"]
anchor_right = 1.0
anchor_bottom = 1.0
mouse_filter = 2
custom_constants/margin_right = 4
custom_constants/margin_top = 4
custom_constants/margin_left = 4
custom_constants/margin_bottom = 4

[node name="VBoxContainer" type="VBoxContainer" parent="MarginContainer" index="0"]
margin_left = 4.0
margin_top = 4.0
margin_right = 203.0
margin_bottom = 140.0
size_flags_horizontal = 3
size_flags_vertical = 3

[node name="HBoxContainer2" type="HBoxContainer" parent="MarginContainer/VBoxContainer" index="0"]
margin_right = 199.0
margin_bottom = 109.0
size_flags_horizontal = 3
size_flags_vertical = 3

[node name="MapPreview" type="MarginContainer" parent="MarginContainer/VBoxContainer/HBoxContainer2" index="0"]
margin_right = 109.0
margin_bottom = 109.0
mouse_filter = 2
size_flags_horizontal = 3
size_flags_vertical = 3

[node name="MarginContainer" type="MarginContainer" parent="MarginContainer/VBoxContainer/HBoxContainer2/MapPreview" index="0"]
show_behind_parent = true
margin_right = 109.0
margin_bottom = 109.0
mouse_filter = 2
size_flags_horizontal = 5
size_flags_vertical = 5
custom_constants/margin_right = 3
custom_constants/margin_top = 3
custom_constants/margin_left = 3
custom_constants/margin_bottom = 3

[node name="PreviewImage" type="TextureRect" parent="MarginContainer/VBoxContainer/HBoxContainer2/MapPreview/MarginContainer" index="0"]
margin_left = 3.0
margin_top = 3.0
margin_right = 106.0
margin_bottom = 106.0
mouse_filter = 2
size_flags_horizontal = 3
size_flags_vertical = 3
texture = ExtResource( 3 )
expand = true
stretch_mode = 5

[node name="NinePatchRect" type="NinePatchRect" parent="MarginContainer/VBoxContainer/HBoxContainer2/MapPreview" index="1"]
margin_right = 109.0
margin_bottom = 109.0
texture = ExtResource( 4 )
patch_margin_left = 10
patch_margin_top = 10
patch_margin_right = 10
patch_margin_bottom = 10

[node name="HBoxContainer" type="HBoxContainer" parent="MarginContainer/VBoxContainer" index="1"]
margin_top = 113.0
margin_right = 199.0
margin_bottom = 136.0
size_flags_horizontal = 3
size_flags_vertical = 3
size_flags_stretch_ratio = 0.2
[connection signal="pressed" from="." to="." method="_on_LevelButton_pressed"]
[connection signal="resized" from="MarginContainer/VBoxContainer/HBoxContainer2/MapPreview" to="." method="_on_MarginContainer_resized"]
