[gd_scene load_steps=9 format=2]

[ext_resource path="res://ui/level_select/LevelSelect.gd" type="Script" id=1]
[ext_resource path="res://ui/basic/PanelBackground.tscn" type="PackedScene" id=2]
[ext_resource path="res://ui/level_select/LevelButton.tscn" type="PackedScene" id=3]
[ext_resource path="res://maps/Map001.tscn" type="PackedScene" id=4]
[ext_resource path="res://maps/previews/Map001.png" type="Texture" id=5]
[ext_resource path="res://maps/Map002.tscn" type="PackedScene" id=6]
[ext_resource path="res://maps/MapDemo.tscn" type="PackedScene" id=7]
[ext_resource path="res://assets/onlyObjects_default.png" type="Texture" id=8]

[node name="LevelSelect" type="MarginContainer"]
anchor_right = 1.0
anchor_bottom = 1.0
script = ExtResource( 1 )

[node name="Background" parent="." instance=ExtResource( 2 )]
anchor_right = 0.0
anchor_bottom = 0.0
margin_top = 0.0
margin_right = 600.0
margin_bottom = 800.0

[node name="Margin" type="MarginContainer" parent="."]
margin_right = 600.0
margin_bottom = 800.0
custom_constants/margin_right = 10
custom_constants/margin_top = 10
custom_constants/margin_left = 10
custom_constants/margin_bottom = 10

[node name="Scroll" type="ScrollContainer" parent="Margin"]
margin_left = 10.0
margin_top = 10.0
margin_right = 590.0
margin_bottom = 790.0
scroll_horizontal_enabled = false

[node name="Grid" type="GridContainer" parent="Margin/Scroll"]
margin_right = 580.0
margin_bottom = 780.0
size_flags_horizontal = 3
size_flags_vertical = 3
columns = 3

[node name="Level001" parent="Margin/Scroll/Grid" instance=ExtResource( 3 )]
anchor_right = 0.0
anchor_bottom = 0.0
margin_top = 0.0
margin_right = 190.0
margin_bottom = 258.0
size_flags_horizontal = 3
size_flags_vertical = 3
map = ExtResource( 4 )
preview = ExtResource( 5 )

[node name="Level002" parent="Margin/Scroll/Grid" instance=ExtResource( 3 )]
anchor_right = 0.0
anchor_bottom = 0.0
margin_left = 194.0
margin_top = 0.0
margin_right = 384.0
margin_bottom = 258.0
size_flags_horizontal = 3
size_flags_vertical = 3
map = ExtResource( 6 )
preview = ExtResource( 5 )

[node name="Level003" parent="Margin/Scroll/Grid" instance=ExtResource( 3 )]
anchor_right = 0.0
anchor_bottom = 0.0
margin_left = 388.0
margin_top = 0.0
margin_right = 578.0
margin_bottom = 258.0
size_flags_horizontal = 3
size_flags_vertical = 3
map = ExtResource( 7 )
preview = ExtResource( 8 )

[node name="Level004" parent="Margin/Scroll/Grid" instance=ExtResource( 3 )]
anchor_right = 0.0
anchor_bottom = 0.0
margin_top = 262.0
margin_right = 190.0
margin_bottom = 520.0
size_flags_horizontal = 3
size_flags_vertical = 3
map = ExtResource( 7 )

[node name="Level005" parent="Margin/Scroll/Grid" instance=ExtResource( 3 )]
anchor_right = 0.0
anchor_bottom = 0.0
margin_left = 194.0
margin_top = 262.0
margin_right = 384.0
margin_bottom = 520.0
size_flags_horizontal = 3
size_flags_vertical = 3
map = ExtResource( 7 )

[node name="Level006" parent="Margin/Scroll/Grid" instance=ExtResource( 3 )]
anchor_right = 0.0
anchor_bottom = 0.0
margin_left = 388.0
margin_top = 262.0
margin_right = 578.0
margin_bottom = 520.0
size_flags_horizontal = 3
size_flags_vertical = 3
map = ExtResource( 7 )

[node name="Level007" parent="Margin/Scroll/Grid" instance=ExtResource( 3 )]
anchor_right = 0.0
anchor_bottom = 0.0
margin_top = 524.0
margin_right = 190.0
margin_bottom = 782.0
size_flags_horizontal = 3
size_flags_vertical = 3
map = ExtResource( 7 )
