[gd_scene load_steps=19 format=2]

[ext_resource path="res://arcade/ui/control_panel/panel/ColorPanel.tscn" type="PackedScene" id=1]
[ext_resource path="res://arcade/ui/control_panel/joystick_color/ColorJoystick.tscn" type="PackedScene" id=2]
[ext_resource path="res://arcade/ui/control_panel/joystick_color/center.png" type="Texture" id=3]
[ext_resource path="res://arcade/ui/control_panel/joystick_color/left.png" type="Texture" id=4]
[ext_resource path="res://arcade/ui/control_panel/joystick_color/right.png" type="Texture" id=5]
[ext_resource path="res://arcade/ui/control_panel/joystick_color/up.png" type="Texture" id=6]
[ext_resource path="res://arcade/ui/control_panel/joystick_color/down.png" type="Texture" id=7]
[ext_resource path="res://arcade/ui/control_panel/fire_color/ColorFireButton.tscn" type="PackedScene" id=8]
[ext_resource path="res://arcade/ui/control_panel/fire_color/pressed.png" type="Texture" id=9]
[ext_resource path="res://arcade/ui/control_panel/fire_color/released.png" type="Texture" id=10]
[ext_resource path="res://arcade/ui/control_panel/start_color/ColorStartButton.tscn" type="PackedScene" id=11]
[ext_resource path="res://arcade/ui/control_panel/start_color/pressed.png" type="Texture" id=12]
[ext_resource path="res://arcade/ui/control_panel/start_color/released.png" type="Texture" id=13]
[ext_resource path="res://Quantico30.tres" type="DynamicFont" id=14]

[sub_resource type="GDScript" id=1]
script/source = "extends Node2D

export var isPlayer2 = false

func _ready():
	setPlaying(true)
	
	$p1Start.visible = not isPlayer2
	$p2Start.visible = not isPlayer2
	
func setPlaying(playing: bool):
	for child in get_children():
		if child is AnimatedSprite:
			child.playing = playing
	
"

[sub_resource type="SpriteFrames" id=2]
animations = [ {
"frames": [ ExtResource( 3 ), ExtResource( 4 ) ],
"loop": true,
"name": "left",
"speed": 2.0
}, {
"frames": [ ExtResource( 3 ), ExtResource( 5 ) ],
"loop": true,
"name": "right",
"speed": 2.0
}, {
"frames": [ ExtResource( 3 ), ExtResource( 6 ) ],
"loop": true,
"name": "up",
"speed": 2.0
}, {
"frames": [ ExtResource( 3 ), ExtResource( 4 ), ExtResource( 3 ), ExtResource( 5 ) ],
"loop": true,
"name": "left_right",
"speed": 2.0
}, {
"frames": [ ExtResource( 3 ) ],
"loop": true,
"name": "none",
"speed": 5.0
}, {
"frames": [ ExtResource( 3 ), ExtResource( 7 ), ExtResource( 3 ), ExtResource( 6 ) ],
"loop": true,
"name": "up_down",
"speed": 2.0
}, {
"frames": [ ExtResource( 3 ), ExtResource( 7 ) ],
"loop": true,
"name": "down",
"speed": 2.0
}, {
"frames": [ ExtResource( 3 ), ExtResource( 4 ), ExtResource( 3 ), ExtResource( 5 ), ExtResource( 3 ), ExtResource( 6 ), ExtResource( 3 ), ExtResource( 7 ) ],
"loop": true,
"name": "left_right_up_down",
"speed": 2.0
} ]

[sub_resource type="SpriteFrames" id=3]
animations = [ {
"frames": [ ExtResource( 9 ) ],
"loop": true,
"name": "pressed",
"speed": 2.0
}, {
"frames": [ ExtResource( 10 ) ],
"loop": true,
"name": "release",
"speed": 2.0
}, {
"frames": [ ExtResource( 9 ), ExtResource( 10 ) ],
"loop": true,
"name": "press_release",
"speed": 2.0
}, {
"frames": [ ExtResource( 10 ), ExtResource( 9 ) ],
"loop": true,
"name": "release_press",
"speed": 2.0
}, {
"frames": [ ExtResource( 10 ), ExtResource( 9 ), ExtResource( 9 ), ExtResource( 9 ) ],
"loop": true,
"name": "press_and_hold",
"speed": 2.0
} ]

[sub_resource type="SpriteFrames" id=4]
animations = [ {
"frames": [ ExtResource( 12 ) ],
"loop": true,
"name": "pressed",
"speed": 2.0
}, {
"frames": [ ExtResource( 13 ) ],
"loop": true,
"name": "released",
"speed": 2.0
}, {
"frames": [ ExtResource( 12 ), ExtResource( 13 ) ],
"loop": true,
"name": "press_release",
"speed": 2.0
}, {
"frames": [ ExtResource( 13 ), ExtResource( 12 ) ],
"loop": true,
"name": "release_press",
"speed": 2.0
}, {
"frames": [ ExtResource( 12 ), ExtResource( 13 ), ExtResource( 13 ), ExtResource( 13 ) ],
"loop": true,
"name": "press_and_hold",
"speed": 2.0
} ]

[node name="ControlPanel" type="Node2D"]
scale = Vector2( 0.5, 0.5 )
script = SubResource( 1 )

[node name="panel" parent="." instance=ExtResource( 1 )]
position = Vector2( 238.5, 122.948 )

[node name="joystick" parent="." instance=ExtResource( 2 )]
position = Vector2( 119.448, 116.357 )
frames = SubResource( 2 )
animation = "none"

[node name="fire" parent="." instance=ExtResource( 8 )]
position = Vector2( 337.215, 157.07 )
frames = SubResource( 3 )
frame = 2

[node name="p1Start" parent="." instance=ExtResource( 11 )]
position = Vector2( 305.5, 40.5 )
frames = SubResource( 4 )
animation = "released"

[node name="p2Start" parent="." instance=ExtResource( 11 )]
position = Vector2( 365.5, 40.5 )
frames = SubResource( 4 )
animation = "released"

[node name="joyLabel" type="Label" parent="."]
margin_left = 52.0
margin_top = 189.0
margin_right = 189.0
margin_bottom = 233.0
custom_fonts/font = ExtResource( 14 )
align = 1

[node name="fireLabel" type="Label" parent="."]
margin_left = 278.0
margin_top = 189.0
margin_right = 400.0
margin_bottom = 233.0
custom_fonts/font = ExtResource( 14 )
text = "Carve"
align = 1
