[gd_scene load_steps=14 format=2]

[ext_resource path="res://imgs/frog.jpg" type="Texture" id=1]
[ext_resource path="res://Frog.gd" type="Script" id=2]
[ext_resource path="res://imgs/frog_sheet.png" type="Texture" id=3]

[sub_resource type="CapsuleShape2D" id=12]
radius = 20.0001
height = 21.9997

[sub_resource type="AtlasTexture" id=7]
flags = 4
atlas = ExtResource( 3 )
region = Rect2( 96, 96, 48, 48 )

[sub_resource type="AtlasTexture" id=6]
flags = 4
atlas = ExtResource( 3 )
region = Rect2( 48, 96, 48, 48 )

[sub_resource type="AtlasTexture" id=9]
flags = 4
atlas = ExtResource( 3 )
region = Rect2( 96, 0, 48, 48 )

[sub_resource type="AtlasTexture" id=8]
flags = 4
atlas = ExtResource( 3 )
region = Rect2( 48, 0, 48, 48 )

[sub_resource type="AtlasTexture" id=2]
flags = 4
atlas = ExtResource( 3 )
region = Rect2( 0, 48, 48, 48 )

[sub_resource type="AtlasTexture" id=3]
flags = 4
atlas = ExtResource( 3 )
region = Rect2( 48, 48, 48, 48 )

[sub_resource type="AtlasTexture" id=11]
flags = 4
atlas = ExtResource( 3 )
region = Rect2( 96, 144, 48, 48 )

[sub_resource type="AtlasTexture" id=10]
flags = 4
atlas = ExtResource( 3 )
region = Rect2( 48, 144, 48, 48 )

[sub_resource type="SpriteFrames" id=5]
animations = [ {
"frames": [ SubResource( 7 ), SubResource( 6 ) ],
"loop": false,
"name": "right_hop",
"speed": 5.0
}, {
"frames": [ SubResource( 9 ), SubResource( 8 ) ],
"loop": false,
"name": "down_hop",
"speed": 5.0
}, {
"frames": [ SubResource( 2 ), SubResource( 3 ) ],
"loop": false,
"name": "left_hop",
"speed": 5.0
}, {
"frames": [ SubResource( 11 ), SubResource( 10 ) ],
"loop": false,
"name": "up_hop",
"speed": 5.0
} ]

[node name="Frog" type="KinematicBody2D"]
position = Vector2( 104, 112 )
collision_mask = 14
script = ExtResource( 2 )

[node name="Sprite" type="Sprite" parent="."]
visible = false
position = Vector2( -2.86102e-06, -4.29153e-06 )
scale = Vector2( 0.236686, 0.236686 )
texture = ExtResource( 1 )

[node name="Shape" type="CollisionShape2D" parent="."]
position = Vector2( 1, 20 )
rotation = 1.57079
shape = SubResource( 12 )

[node name="Tween" type="Tween" parent="."]

[node name="AnimatedSprite" type="AnimatedSprite" parent="."]
scale = Vector2( 2, 2 )
frames = SubResource( 5 )
animation = "right_hop"
frame = 1
[connection signal="tween_all_completed" from="Tween" to="." method="_on_Tween_tween_all_completed"]
