[gd_scene load_steps=4 format=2]

[ext_resource path="res://Quantico30.tres" type="DynamicFont" id=1]
[ext_resource path="res://Quantico50.tres" type="DynamicFont" id=2]

[sub_resource type="GDScript" id=1]
script/source = "extends PanelContainer

export var p1fill = Color()
export var p2fill = Color()

onready var p1ScoreText = $GridContainer/HBoxContainer/p1Score
onready var p2ScoreText = $GridContainer/HBoxContainer/p2Score
onready var summaryText = $GridContainer/summary

# Called when the node enters the scene tree for the first time.
func _ready():
	p1ScoreText.set(\"custom_colors/font_color\",p1fill)
	p2ScoreText.set(\"custom_colors/font_color\",p2fill)
	
func setScores(p1Score: int, p2Score: int):
	p1ScoreText.text = str(p1Score)
	p2ScoreText.text = str(p2Score)
	
	var summary = \"It's a tie!\"
	if p1Score > p2Score:
		summary = \"Player 1 wins!\"
	elif p2Score > p1Score:
		summary = \"Player 2 wins!\"
	
	summaryText.text = summary
"

[node name="GameSummary" type="PanelContainer"]
margin_left = 171.0
margin_top = 265.0
margin_right = 433.0
margin_bottom = 441.0
script = SubResource( 1 )

[node name="GridContainer" type="VBoxContainer" parent="."]
margin_left = 7.0
margin_top = 7.0
margin_right = 255.0
margin_bottom = 176.0
size_flags_horizontal = 3
size_flags_vertical = 3

[node name="Label" type="Label" parent="GridContainer"]
margin_right = 248.0
margin_bottom = 44.0
custom_fonts/font = ExtResource( 1 )
text = "Final Score:"
align = 1

[node name="HBoxContainer" type="HBoxContainer" parent="GridContainer"]
margin_top = 48.0
margin_right = 248.0
margin_bottom = 121.0
size_flags_horizontal = 3

[node name="p1Score" type="Label" parent="GridContainer/HBoxContainer"]
margin_right = 122.0
margin_bottom = 73.0
size_flags_horizontal = 3
custom_fonts/font = ExtResource( 2 )
text = "4"
align = 1

[node name="p2Score" type="Label" parent="GridContainer/HBoxContainer"]
margin_left = 126.0
margin_right = 248.0
margin_bottom = 73.0
size_flags_horizontal = 3
custom_fonts/font = ExtResource( 2 )
text = "2"
align = 1

[node name="summary" type="Label" parent="GridContainer"]
margin_top = 125.0
margin_right = 248.0
margin_bottom = 169.0
custom_fonts/font = ExtResource( 1 )
text = "Player 1 Wins!"
align = 1
